@BOOK{Perry2012,
	AUTHOR = {Perry, Riley Tipton},
	YEAR = {2012},
	TITLE = {Quantum Computing from the Ground Up},
	EDITION = {},
	ISBN = {978-9-814-41211-7},
	PUBLISHER = {World Scientific},
	ADDRESS = {Singapur},
}

@manual{BasicConceptsQC,
    author  = {Ekert, Artur AND Hayden, Patrick AND Inamori, Hitoshi},
    title   = {{Basic concepts in quantum computation}},
    year    = {{2008}}
  }

@BOOK{Nielsen2010,
	AUTHOR = {Nielsen, Michael A. AND Chuang, Isaac L.},
	YEAR = {2010},
	TITLE = {Quantum Computation and Quantum Information - 10th Anniversary Edition},
	EDITION = {},
	ISBN = {978-1-139-49548-6},
	PUBLISHER = {Cambridge University Press},
	ADDRESS = {Cambridge},
}

@manual{ShorsAlgoReal,
  author = {Vandersypen, Lieven M. K.},
  title = {{Experimental realization of Shor's quantum factoring algorithm using nuclear magnetic resonance}},
  howpublished = "{\scriptsize \url{http://www.nature.com/nature/journal/v414/n6866/full/414883a.html}}",
  note = "[Online; last accessed on 13.03.2015]"
}

@misc{GroversAlgo,
  author = {},
  title = {{Grover's algorithm}},
  howpublished = "{\scriptsize \url{http://commons.wikimedia.org/wiki/File%3AGrovers_algorithm.svg}}",
  note = "[Online; last accessed on 06.03.2015]"
}

@misc{ShorsAlgo,
  author = {},
  title = {{Shor's algorithm}},
  howpublished = "{\scriptsize \url{http://commons.wikimedia.org/wiki/File:Shor%27s_algorithm.svg}}",
  note = "[Online; last accessed on 06.03.2015]"
}





@misc{HyperPhysics,
  author = {HyperPhysics},
  title = {{Reverberation Time}},
  howpublished = "\url{http://hyperphysics.phy-astr.gsu.edu/hbase/acoustic/revtim.html}",
  note = "[Online; last accessed on 04.11.2014]"
}

@BOOK{Campbell1994,
	AUTHOR = {Campbell, Murray AND Greated, Clive},
	YEAR = {1994},
	TITLE = {The Musician's Guide to Acoustics - },
	EDITION = {},
	ISBN = {978-0-191-59167-9},
	PUBLISHER = {Oxford University Press},
	ADDRESS = {New York},
}

@misc{violaweakfundamental,
  author = {Sound on Sound},
  title = {Recording Strings},
  howpublished = "\url{http://www.soundonsound.com/sos/apr99/articles/recstrings.htm}",
  note = "[Online; last accessed on 14.11.2014]"
}

@misc{formants,
  author = {Wikipedia},
  title = {Formant},
  howpublished = "\url{http://en.wikipedia.org/wiki/Formant}",
  note = "[Online; last accessed on 16.11.2014]"
}




@misc{lecturenotes,
  author = {University of Edinburgh},
  title = {Lecture notes of Musical Acoustics},
  howpublished = "\url{http://www2.ph.ed.ac.uk/AardvarkDeployments/Public/70613/views/files/MusicalAcoustics/Deployments/Learn_CourseNotes_MA_2013/deploymentframeset.html#tree=MusicalAcoustics:Organisations:CourseNotes_MA_2013}",
  note = "[Online; last accessed on 19.11.2014]"
}

@misc{img00,
  author = {},
  title = {image source},
  howpublished = "\url{http://fiziks.net/webpages/restube.gif}",
  note = "[Online; last accessed on 18.11.2014]"
}

@misc{img01,
  author = {},
  title = {image source},
  howpublished = "\url{http://hearinghealthmatters.org/waynesworld/files/2012/06/Fourier-Analysis.gif}",
  note = "[Online; last accessed on 19.11.2014]"
}

@misc{img02,
  author = {},
  title = {image source},
  howpublished = "\url{http://www.adams-music.com/pf/images/brochure2012/Adams_Chime_Philharmonic_BKL5003_1024px.jpg}",
  note = "[Online; last accessed on 19.11.2014]"
}



@manual{MainNN,
    author  = {Filk, Thomas},
    title   = {{Neural Networks - An Introduction}},
    year    = {{2011}}
  }

@MastersThesis{Wendling,
    author  = {Wendling, Daniel},
    title   = {{Vergleich dynamischer Strukturen von Integrate-and-Fire und Raten-kodierten Modellen auf rekurrenten neuronalen Netzwerken}},
    year    = {{18. November 2013}
}

@MastersThesis{Dold,
    author  = {Dold, Simon},
    title   = {{Strukturveränderungen in rekurrenten Neuronalen Netzwerken
während der Trainingsphase}},
    year    = {{5. November 2012}
}

@MastersThesis{Goltzsche,
author = {Goltzsche, Christina},
title = {\textit{Comparison of Critical Dynamics between Trained and Random Recurrent Neural Networks}},
year = {7. Januar 2014}
}

@misc{KNN,
  author = {Wikipedia},
  title = {{Künstliches neuronales Netz}},
  howpublished = "\url{http://de.wikipedia.org/wiki/K%C3%BCnstliches_neuronales_Netz}",
  note = "[Online; aufgerufen am 01.07.2014]"
}

@BOOK{DasGedaechtnis,
	AUTHOR = {Rahmann, Hinrich AND Rahmann, Mathilde},
	YEAR = {1988},
	TITLE = {Das Gedächtnis - neurobiologische Grundlagen},
	PUBLISHER = {Bergmann}
}

@BOOK{TMS,
	AUTHOR = {Siebner, Hartwig Roman},
	YEAR = {2007},
	TITLE = {Das TMS-Buch - Handbuch Der Transkraniellen Magnetstimulation},
	PUBLISHER = {Springer London},
	ADDRESS = {London}
}

@BOOK{Evolution,
	AUTHOR = {Futuyma, Douglas AND Held, Andreas},
	YEAR = {2007},
	TITLE = {Evolution - das Original mit Übersetz\-ungshilfen},
	EDITION = {2007. Aufl.},
	PUBLISHER = {Spektrum Akademischer Verlag GmbH},
	ADDRESS = {Heidelberg}
}

@manual{PhysRevLett.88.218101,
  title = {Noise-Induced Entrainment and Stochastic Resonance in Human Brain Waves},
  author = {Mori, Toshio AND Kai, Shoichi},
  year = {2002},
  month = {Mai},
  publisher = {American Physical Society}
}



@misc{Nervenzelle,
  author = {Wikipedia},
  title = {{Nervenzelle}},
  note = "[Online; aufgerufen am 02.07.2014]"
}

@misc{Aktionspotential,
  author = {Wikipedia},
  title = {{Aktionspotential}},
  note = "[Online; aufgerufen am 02.07.2014]"
}

@BOOK{Bear2008,
	AUTHOR = {Bear, Mark F. AND Connors, Barry W. AND Paradiso, Michael A. AND Engel, Andreas},
	YEAR = {2008},
	TITLE = {Neurowissenschaften - Ein grundlegendes Lehrbuch für Biologie, Medizin und Psychologie},
	EDITION = {3. Aufl. 2009},
	PUBLISHER = {Spektrum Akademischer Verlag},
	ADDRESS = {Heidelberg}
}

@misc{Resistenz,
  author = {Wiktionary},
  title = {{Resistenz}},
  note = "[Online; aufgerufen am 26.07.2014]"
}

@misc{Gliazellen,
  author = {Wikipedia},
  title = {{Gliazellen}},
  note = "[Online; aufgerufen am 01.07.2014]"
}